@article{nerem2010estimating,
    author = { R. S.   Nerem  and  D. P.   Chambers  and  C.   Choe  and  G. T.   Mitchum },
    title = {Estimating Mean Sea Level Change from the TOPEX and Jason Altimeter Missions},
    journal = {Marine Geodesy},
    volume = {33},
    number = {sup1},
    pages = {435-446},
    year  = {2010},
    publisher = {Taylor & Francis},
    doi = {10.1080/01490419.2010.491031},
    URL = { 
        https://doi.org/10.1080/01490419.2010.491031    
    },
    eprint = { 
        https://doi.org/10.1080/01490419.2010.491031
    }
}

No Free Lunch Paper
@article{wolpert1997no,
    title={No free lunch theorems for optimization},
    author={Wolpert, David H and Macready, William G and others},
    journal={IEEE transactions on evolutionary computation},
    volume={1},
    number={1},
    pages={67--82},
    year={1997}
}

Genetic algorithm for feature selection!
@incollection{yang1998feature,
    title={Feature subset selection using a genetic algorithm},
    author={Yang, Jihoon and Honavar, Vasant},
    booktitle={Feature extraction, construction and selection},
    pages={117--136},
    year={1998},
    publisher={Springer}
}

ETOPO
@misc{national1988etopo,
    title={ETOPO-5 bathymetry/topography data},
    author={National Geophysical Data Center},
    journal={Data Announc. 88-MGG-02},
    year={1988},
    publisher={Nat. Oceanic and Atmosph. Adm., US Dept. Of Commerce Boulder}
}

CRUST1 Dataset
@inproceedings{laske2013update,
    title={Update on CRUST1. 0—A 1-degree global model of Earth’s crust},
    author={Laske, Gabi and Masters, Guy and Ma, Zhitu and Pasyanos, Mike},
    booktitle={Geophys. Res. Abstr},
    volume={15},
    pages={2658},
    year={2013},
    organization={EGU General Assembly Vienna, Austria}
}

HYCOM dataset
@article{chassignet2009us,
    title={US GODAE: global ocean prediction with the HYbrid Coordinate Ocean Model (HYCOM)},
    author={Chassignet, Eric P and Hurlburt, Harley E and Metzger, E Joseph and Smedstad, Ole Martin and Cummings, James A and Halliwell, George R and Bleck, Rainer and Baraille, Remy and Wallcraft, Alan J and Lozano, Carlos and others},
    journal={Oceanography},
    volume={22},
    number={2},
    pages={64--75},
    year={2009},
    publisher={JSTOR}
}

EGM dataset
@incollection{pavlis2008earth,
    title={Earth gravitational model 2008},
    author={Pavlis, Nikolaos and Kenyon, Steve and Factor, John and Holmes, Simon},
    booktitle={SEG Technical Program Expanded Abstracts 2008},
    pages={761--763},
    year={2008},
    publisher={Society of Exploration Geophysicists}
}

Sealevel datasets
@article{chen2005seasonal,
    title={Seasonal global mean sea level change from satellite altimeter, GRACE, and geophysical models},
    author={Chen, JL and Wilson, Clark R and Tapley, Byron D and Famiglietti, JS and Rodell, Matt},
    journal={Journal of Geodesy},
    volume={79},
    number={9},
    pages={532--539},
    year={2005},
    publisher={Springer}
}

@inproceedings{tolman20072007,
    title={The 2007 release of WAVEWATCH III},
    author={Tolman, Hendrik L},
    booktitle={Proc. 10th Int. Workshop of Wave Hindcasting and Forecasting},
    year={2007}
}

@article{smith1994bathymetric,
    title={Bathymebibtric prediction from dense satellite altimetry and sparse shipboard bathymetry},
    author={Smith, Walter HF and Sandwell, David T},
    journal={Journal of Geophysical Research: Solid Earth},
    volume={99},
    number={B11},
    pages={21803--21824},
    year={1994},
    publisher={Wiley Online Library}
}

@article{smith1997global,
    title={Global sea floor topography from satellite altimetry and ship depth soundings},
    author={Smith, Walter HF and Sandwell, David T},
    journal={Science},
    volume={277},
    number={5334},
    pages={1956--1962},
    year={1997},
    publisher={American Association for the Advancement of Science}
}

@incollection{rapp1993use,
    title={Use of altimeter data in estimating global gravity models},
    author={Rapp, Richard H},
    booktitle={Satellite Altimetry in Geodesy and Oceanography},
    pages={374--417},
    year={1993},
    publisher={Springer}
}

@article{guinehut2006can,
    title={What can we learn from Global Altimetry/Hydrography comparisons?},
    author={Guinehut, Stephanie and Le Traon, Pierre-Yves and Larnicol, Gilles},
    journal={Geophysical Research Letters},
    volume={33},
    number={10},
    year={2006},
    publisher={Wiley Online Library}
}

Use altimetry to predict oceanic eddies!
@article{ashkezari2016oceanic,
    title={Oceanic eddy detection and lifetime forecast using machine learning methods},
    author={Ashkezari, Mohammad D and Hill, Christopher N and Follett, Christopher N and Forget, Ga{\"e}l and Follows, Michael J},
    journal={Geophysical Research Letters},
    volume={43},
    number={23},
    pages={12--234},
    year={2016},
    publisher={Wiley Online Library}
}

Extremely useful paper for describing the issue with predicting the correlation between Gravity and bathymetry!!!!
@article{jena2012prediction,
    title={Prediction of bathymetry from satellite altimeter based gravity in the Arabian Sea: Mapping of two unnamed deep seamounts},
    author={Jena, Babula and Kurian, PJ and Swain, Debadatta and Tyagi, Anshul and Ravindra, R},
    journal={International Journal of Applied Earth Observation and Geoinformation},
    volume={16},
    pages={1--4},
    year={2012},
    publisher={Elsevier}
}

Release of 30 second data. 
A large portion of data was predicted.
@article{becker2009global,
    title={Global bathymetry and elevation data at 30 arc seconds resolution: SRTM30\_PLUS},
    author={Becker, JJ and Sandwell, DT and Smith, WHF and Braud, J and Binder, B and Depner, Jl and Fabre, D and Factor, J and Ingalls, S and Kim, SH and others},
    journal={Marine Geodesy},
    volume={32},
    number={4},
    pages={355--371},
    year={2009},
    publisher={Taylor \& Francis}
}

Great paper for use in introduction.
Sea level changes due to change in ocean features and global warming. 
Makes everything difficult to predict!
Applied locally with extention to global ussage.
@article{braakmann2017sea,
    title={Sea Level Anomaly Prediction using Recurrent Neural Networks},
    author={Braakmann-Folgmann, Anne and Roscher, Ribana and Wenzel, Susanne and Uebbing, Bernd and Kusche, J{\"u}rgen},
    journal={arXiv preprint arXiv:1710.07099},
    year={2017}
}

Predicting forest biomass with sattelite lidar is hard.
83% was the highest accuracy reached in the following paper.
Useful annotation for showing the difficulty and gains for this research.
Also, the ocean plays a roll in capturing carbon.
Potentially useful in this domain.
@article{dhanda2017optimizing,
    title={Optimizing spaceborne LiDAR and very high resolution optical sensor parameters for biomass estimation at ICESat/GLAS footprint level using regression algorithms},
    author={Dhanda, P and Nandy, S and Kushwaha, SPS and Ghosh, S and Murthy, YVN Krishna and Dadhwal, VK},
    journal={Progress in Physical Geography},
    volume={41},
    number={3},
    pages={247--267},
    year={2017},
    publisher={SAGE Publications Sage UK: London, England}
}

%Model preformance below 500m is poor accurracy decrease. 
@inproceedings{su2019estimating,
    title={Estimating Ocean Subsurface Salinity from Remote Sensing Data by Machine Learning},
    author={Su, Hua and Yang, Xin and Yan, Xiao-Hai},
    booktitle={IGARSS 2019-2019 IEEE International Geoscience and Remote Sensing Symposium},
    pages={8139--8142},
    year={2019},
    organization={IEEE}
}

Highlights the usefulness of accurate altimetry predictions. 
Altymetry is used for predicting ocean state in this paper. 
Need accurate predictions for this.
@article{miao2018novel,
    title={A novel model of estimating sea state bias based on multi-layer neural network and multi-source altimeter data},
    author={Miao, Hongli and Guo, Yingting and Zhong, Guoqiang and Liu, Benxiu and Wang, Guizhong},
    journal={European Journal of Remote Sensing},
    volume={51},
    number={1},
    pages={616--626},
    year={2018},
    publisher={Taylor \& Francis}
}

Important article to highlight why this research is important to the community. 
Ocean characterists are largely unknown and typically unreliable! (p 25).
@article{smith2010planning,
    title={Planning and implementing trajectories for autonomous underwater vehicles to track evolving ocean processes based on predictions from a regional ocean model},
    author={Smith, Ryan N and Chao, Yi and Li, Peggy P and Caron, David A and Jones, Burton H and Sukhatme, Gaurav S},
    journal={The International Journal of Robotics Research},
    volume={29},
    number={12},
    pages={1475--1497},
    year={2010},
    publisher={SAGE Publications Sage UK: London, England}
}


Useful citation for referencing Random Forest Algorithm for regression and predicting biomass.
@article{wang2016estimation,
    title={Estimation of biomass in wheat using random forest regression algorithm and remote sensing data},
    author={Wang, Li'ai and Zhou, Xudong and Zhu, Xinkai and Dong, Zhaodi and Guo, Wenshan},
    journal={The Crop Journal},
    volume={4},
    number={3},
    pages={212--219},
    year={2016},
    publisher={Elsevier}
}

Useful for explaining the optimization of learning zones.
@misc{vasseur2019dynamic,
    title={Dynamic application degrouping to optimize machine learning model accuracy},
    author={Vasseur, Jean-Philippe and Savalle, Pierre-Andr{\'e} and Honor{\'e}, Alexandre},
    year={2019},
    month=jun # "~11",
    publisher={Google Patents},
    note={US Patent 10,318,887}
}

@article{farr1980multibeam,
    title={Multibeam bathymetric sonar: Sea beam and hydro chart},
    author={Farr, Harold K},
    journal={Marine Geodesy},
    volume={4},
    number={2},
    pages={77--93},
    year={1980},
    publisher={Taylor \& Francis}
}

@article{geng1999precise,
    author = { Xueyi Geng, Adam   Zielinski },
    title = {Precise Multibeam Acoustic Bathymetry},
    journal = {Marine Geodesy},
    volume = {22},
    number = {3},
    pages = {157-167},
    year  = {1999},
    publisher = {Taylor & Francis},
    doi = {10.1080/014904199273434},
    URL = { 
        https://doi.org/10.1080/014904199273434
    },
    eprint = { 
        https://doi.org/10.1080/014904199273434
    }
}


All three of these papers are intended for the literature review!
@article{monteys2015spatial,
    title={Spatial prediction of coastal bathymetry based on multispectral satellite imagery and multibeam data},
    author={Monteys, Xavier and Harris, Paul and Caloca, Silvia and Cahalane, Conor},
    journal={Remote Sensing},
    volume={7},
    number={10},
    pages={13782--13806},
    year={2015},
    publisher={Multidisciplinary Digital Publishing Institute}
}

Same concept at the 3d model. 
Uses the attenuation of light in the water column to estimate shallow water depth.
Deep water will show up as infinite depth.
@article{vinayaraj2016satellite,
    title={Satellite-derived bathymetry using adaptive geographically weighted regression model},
    author={Vinayaraj, Poliyapram and Raghavan, Venkatesh and Masumoto, Shinji},
    journal={Marine Geodesy},
    volume={39},
    number={6},
    pages={458--478},
    year={2016},
    publisher={Taylor \& Francis}
}

This paper uses the Beer-Lambert law to estimate bathymetry by using how far light passes through a water column. 
Excellent results for coastal bahty!!! (0-50)m
@article{chybicki2018three,
    title={Three-dimensional geographically weighted inverse regression (3GWR) model for satellite derived bathymetry using Sentinel-2 observations},
    author={Chybicki, Andrzej},
    journal={Marine Geodesy},
    volume={41},
    number={1},
    pages={1--23},
    year={2018},
    publisher={Taylor \& Francis}
}

@article{kunze2004role,
    title={The role of small-scale topography in turbulent mixing of the global ocean},
    author={Kunze, Eric and Smith, SG Llewellyn},
    journal={Oceanography},
    volume={17},
    number={1},
    pages={55--64},
    year={2004},
    publisher={Oceanography Society}
}

@article{goodman1982defence,
    title={Defence applications of marine technology},
    author={Goodman, RR},
    journal={Philosophical Transactions of the Royal Society of London. Series A, Mathematical and Physical Sciences},
    volume={307},
    number={1499},
    pages={289--293},
    year={1982},
    publisher={The Royal Society London}
}

@book{genetic_algorithm_diagram, 
    title={Diagram for Genetic Algorithm}, 
    url={https://www.neuraldesigner.com/blog/genetic_algorithms_for_feature_selection}, 
    journal={Nerual Designer}
} 

@misc{national20062,
    title={2-minute gridded global relief data (ETOPO2v2)},
    author={National Geophysical Data Center},
    year={2006},
    publisher={National Geophysical Data Center, NOAA}
}